% Abbrevations used
% TRR: Torque Ripple Reduction
% CTR: Cogging Torque Reduction
% SW: Software
% HW: Hardware
% ILC: Iterative Learning Control
% RC: Repeatitive Control

@inproceedings{CTR_SW:2014,
  title={Cogging Torque Ripple Minimization via Position Based Characterization},
  author={Matthew Piccoli and Mark Yim},
  booktitle={Robotics: Science and Systems},
  year={2014}
}

@ARTICLE{ILC:2018,
author={J. {Liu} and H. {Li} and Y. {Deng}},
journal={IEEE Transactions on Power Electronics},
title={Torque Ripple Minimization of PMSM Based on Robust ILC Via Adaptive Sliding Mode Control},
year={2018},
volume={33},
number={4},
pages={3655-3671},
keywords={adaptive control;control system synthesis;field programmable gate arrays;iterative learning control;iterative methods;machine control;permanent magnet motors;PI control;robust control;rotors;servomechanisms;synchronous motors;torque control;variable structure systems;speed ripples;PMSM servo system;iterative learning control;external disturbances;robust ILC scheme;mode control technique;periodic torque ripples;robust ILC speed controller;sliding mode chattering phenomenon;PI-ILC method;torque ripple minimization;adaptive sliding mode control;cogging torque;permanent magnet synchronous motor;torque pulsation;proportional integral controller;antidisturbance performance;digital signal processor-field programmable gate array based platform;Torque;Robustness;Harmonic analysis;Sliding mode control;Stators;Forging;Iterative learning control;Adaptive algorithm;iterative learning control (ILC);motor drives;permanent magnet synchronous motor (PMSM);robust;sliding mode control (SMC);torque ripple},
doi={10.1109/TPEL.2017.2711098},
ISSN={1941-0107},
month={April},}

@ARTICLE{ILC:2013,
author={P. {Zanchetta} and M. {Degano} and J. {Liu} and P. {Mattavelli}},
journal={IEEE Transactions on Industry Applications},
title={Iterative Learning Control With Variable Sampling Frequency for Current Control of Grid-Connected Converters in Aircraft Power Systems},
year={2013},
volume={49},
number={4},
pages={1548-1555},
keywords={active filters;aerospace control;aircraft power systems;electric current control;frequency control;iterative methods;power convertors;power grids;power system control;aircraft grid;variable supply frequency;control device;power device;variable-speed variable-frequency power system;shunt active filter;frequency-wild power system;power converters;ILC;aircraft power system;grid-connected converter;current control;variable sampling frequency;iterative learning control;frequency 360 Hz;frequency 900 Hz;Frequency control;Aircraft;Current control;Harmonic analysis;Switching frequency;Frequency conversion;Power systems;Active filters;aircraft power grids;iterative learning control},
doi={10.1109/TIA.2013.2255575},
ISSN={1939-9367},
month={July},}

% angle based
@INPROCEEDINGS{ILC:2012,
author={Y. {Yuan} and F. {Auger} and L. {Loron} and S. {Moisy} and M. {Hubert}},
booktitle={IECON 2012 - 38th Annual Conference on IEEE Industrial Electronics Society},
title={Torque ripple reduction in Permanent Magnet Synchronous Machines using angle-based iterative learning control},
year={2012},
volume={},
number={},
pages={2518-2523},
keywords={iterative methods;learning systems;machine control;permanent magnet machines;synchronous machines;variable speed drives;torque ripple reduction;permanent magnet synchronous machines;angle-based iterative learning control;PMSM;high-performance drive systems;parasitic torque ripples;rotor position;ILC variant;angle-based ILC;angular position;PMSM variable speed drive system simulation;Computational modeling;Stators;Magnetic flux},
doi={10.1109/IECON.2012.6388853},
ISSN={1553-572X},
month={Oct},}

@ARTICLE{ILC:2007,
  author={H. {Ahn} and Y. {Chen} and K. L. {Moore}},
  journal={IEEE Transactions on Systems, Man, and Cybernetics, Part C (Applications and Reviews)}, 
 title={Iterative Learning Control: Brief Survey and Categorization}, 
  year={2007},
  volume={37},
  number={6},
  pages={1099-1121},
  abstract={In this paper, the iterative learning control (ILC) literature published between 1998 and 2004 is categorized and discussed, extending the earlier reviews presented by two of the authors. The papers includes a general introduction to ILC and a technical description of the methodology. The selected results are reviewed, and the ILC literature is categorized into subcategories within the broader division of application-focused and theory-focused results.},
  keywords={adaptive control;iterative methods;learning systems;iterative learning control;categorization;adaptive control;Control systems;Automatic control;Medical control systems;Biomedical engineering;Engineering in medicine and biology;Optimal control;Manipulator dynamics;Space technology;Biological control systems;Manufacturing automation;Categorization;iterative learning control (ILC);literature review},
  doi={10.1109/TSMCC.2007.905759},
  ISSN={1558-2442},
  month={Nov},
}

@book{ILC:Book2009,
author = {Xu, Jian-Xin and Panda, Sanjib and Lee, Tong},
year = {2009},
month = {01},
pages = {},
title = {Real-time iterative learning control. Design and applications},
doi = {10.1007/978-1-84882-175-0},
publisher={Springer Science \& Business Media}
}

@book{ILC:Book2007,
author = {Ahn, H.-S and Moore, K.L. and Chen, YangQuan},
year = {2007},
month = {01},
pages = {1-228},
title = {Iterative learning control: Robustness and monotonic convergence for interval systems},
journal = {Communications and Control Engineering},
publisher={Springer Science \& Business Media}
}

@ARTICLE{ILC:2005,
author={ {Weizhe Qian} and S. K. {Panda} and J. X. {Xu}},
journal={IEEE Transactions on Energy Conversion},
title={Speed ripple minimization in PM synchronous motor using iterative learning control},
year={2005},
volume={20},
number={1},
pages={53-61},
keywords={permanent magnet motors;synchronous motors;adaptive control;learning systems;iterative methods;velocity control;time-domain analysis;PI control;frequency-domain analysis;robust control;power engineering computing;control engineering computing;machine control;speed ripple minimization;PM synchronous motor;iterative learning control;permanent magnet synchronous motor;time domain learning;frequency domain;proportional-integral speed controller;PI speed controller;Synchronous motors;Torque;Frequency domain analysis;Servomechanisms;Drives;Pi control;Proportional control;Testing;Robustness;Learning systems;Learning control systems;motor drives;motor speed control;permanent-magnet (PM) motors;synchronous motors},
doi={10.1109/TEC.2004.841513},
ISSN={1558-0059},
month={March},}

@ARTICLE{ILC:2004,
author={ {Jian-Xin Xu} and S. K. {Panda} and {Ya-Jun Pan} and {Tong Heng Lee} and B. H. {Lam}},
journal={IEEE Transactions on Industrial Electronics},
title={A modular control scheme for PMSM speed control with pulsating torque minimization},
year={2004},
volume={51},
number={3},
pages={526-536},
keywords={permanent magnet motors;synchronous motors;angular velocity control;robust control;PI control;electric current control;machine control;torque control;iterative methods;variable structure systems;modular control scheme;permanent-magnet synchronous motor control system;speed control;pulsating torque minimization;robust control modules;proportional-integral;current-generating module;PI current control module;PMSM controller;iterative learning control module;torque ripples;torque transducer;torque estimation module;gain-shaped sliding-mode observer;torque learning control;real-time implementation;Torque control;Velocity control;Control systems;Sliding mode control;Synchronous motors;Intelligent control;Robust control;Pi control;Proportional control;Current control},
doi={10.1109/TIE.2004.825365},
ISSN={1557-9948},
month={June},}

@book{ILC:1998,
  title={Iterative learning control: analysis, design, integration and applications},
  author={Bien, Zeungnam and Xu, Jian-Xin},
  year={1998},
  publisher={Springer Science \& Business Media}
}

@INPROCEEDINGS{ILC:1990,

  author={S. {Arimoto} and T. {Naniwa} and H. {Suzuki}},
  booktitle={29th IEEE Conference on Decision and Control}, 
 title={Robustness of P-type learning control with a forgetting factor for robotic motions}, 
  year={1990},
  volume={},
  number={},
  pages={2640-2645 vol.5},
  abstract={A class of simple learning control algorithms with a forgetting factor and a long-term memory and without use of the derivative of velocity signals is proposed for motion control of robot manipulators. The robustness of search learning laws with respect to initialization errors, fluctuations of the dynamics, and measurement noises is studied extensively. As a result the uniform boundedness of motion trajectories is proved based on the passivity analysis of robot dynamics. It is also proved that motion trajectories converge to a neighborhood of the desired one and eventually remain in it provided the content of the long-term memory is refreshed adequately after a sufficient number of trials.<>},
  keywords={adaptive control;learning systems;robots;stability;P-type learning control;forgetting factor;robotic motions;long-term memory;robustness;uniform boundedness;passivity analysis;Robust control;Motion control;Manipulator dynamics;Noise measurement;Robot motion;Fluctuations;Service robots;Convergence;Robot kinematics;Velocity control},
  doi={10.1109/CDC.1990.203457},
  ISSN={},
  month={Dec},
}


@article{ILC:1984,
author = {Arimoto, Suguru and Kawamura, Sadao and Miyazaki, Fumio},
title = {Bettering operation of Robots by learning},
journal = {Journal of Robotic Systems},
volume = {1},
number = {2},
pages = {123-140},
doi = {10.1002/rob.4620010203},
//url = {https://onlinelibrary.wiley.com/doi/abs/10.1002/rob.4620010203},
//eprint = {https://onlinelibrary.wiley.com/doi/pdf/10.1002/rob.4620010203},
abstract = {Abstract This article proposes a betterment process for the operation of a mechanical robot in a sense that it betters the next operation of a robot by using the previous operation's data. The process has an iterative learning structure such that the (k + 1)th input to joint actuators consists of the kth input plus an error increment composed of the derivative difference between the kth motion trajectory and the given desired motion trajectory. The convergence of the process to the desired motion trajectory is assured under some reasonable conditions. Numerical results by computer simulation are presented to show the effectiveness of the proposed learning scheme.},
year = {1984}
}


@article{ILC:RC:R2R:2009,
  title={Survey on iterative learning control, repetitive control, and run-to-run control},
  author={Wang, Youqing and Gao, Furong and Doyle III, Francis J},
  journal={Journal of Process Control},
  volume={19},
  number={10},
  pages={1589--1600},
  year={2009},
  publisher={Elsevier}
}

@ARTICLE{RC:1988,
author={S. {Hara} and Y. {Yamamoto} and T. {Omata} and M. {Nakano}},
journal={IEEE Transactions on Automatic Control},
title={Repetitive control system: a new type servo system for periodic exogenous signals},
year={1988},
volume={33},
number={7},
pages={659-668},
keywords={closed loop systems;control system synthesis;discrete time systems;Kalman filters;servomechanisms;state-space methods;servo system;periodic exogenous signals;repetitive control;periodic reference commands;asymptotic tracking;closed-loop system;stability;time-lag systems;state-space;factorization;Kalman filter;Hankel norm approximation;Control systems;Servomechanisms;Error correction;Signal generators;Stability;Control system synthesis;Steady-state;Mechanical systems;Sufficient conditions;Signal synthesis},
doi={10.1109/9.1274},
ISSN={2334-3303},
month={July},}

@ARTICLE{RC:2017,
author={M. {Tang} and A. {Gaeta} and A. {Formentini} and P. {Zanchetta}},
journal={IEEE Transactions on Industry Applications},
title={A Fractional Delay Variable Frequency Repetitive Control for Torque Ripple Reduction in PMSMs},
year={2017},
volume={53},
number={6},
pages={5553-5562},
keywords={compensation;delays;electric current control;machine control;periodic control;permanent magnet motors;synchronisation;synchronous motor drives;torque control;fractional delay variable frequency repetitive control;internal model principle;periodic torque ripple;compensating action;synchronization;sampling frequency;fractional delay variable frequency torque ripple reduction method;permanent magnet synchronous machine drives;deadbeat current control;PMSM;Torque;Delays;Rotors;Finite impulse response filters;Transient analysis;Estimation;Current control;Deadbeat control;permanent magnet machines;repetitive control;torque ripple reduction;variable speed drives},
doi={10.1109/TIA.2017.2725824},
ISSN={1939-9367},
month={Nov},}

@ARTICLE{CTR_HW:2004,
author={M. S. {Islam} and S. {Mir} and T. {Sebastian}},
journal={IEEE Transactions on Industry Applications},
title={Issues in reducing the cogging torque of mass-produced permanent-magnet brushless DC motor},
year={2004},
volume={40},
number={3},
pages={813-820},
keywords={permanent magnet motors;brushless DC motors;torque;finite element analysis;stators;mass production;DC motor drives;minimisation;cogging torque minimization;permanent magnet brushless dc motors;magnet pole design;step skewing;dummy slots;stator lamination;manufacturing tolerances;finite element analysis;mass production;Forging;Torque;Brushless DC motors;Mass production;Pulp manufacturing;Robots;Stators;Lamination;Finite element methods;Magnetic analysis},
doi={10.1109/TIA.2004.827469},
ISSN={1939-9367},
month={May},}

@ARTICLE{TRR_SW:2019,
author={M. {Tang} and A. {Formentini} and S. A. {Odhano} and P. {Zanchetta}},
journal={IEEE Transactions on Industrial Electronics},
title={Torque Ripple Reduction of PMSMs Using a Novel Angle-Based Repetitive Observer},
year={2020},
volume={67},
number={4},
pages={2689-2699},
keywords={Torque measurement;Delays;Mathematical model;Torque;Disturbance observers;Frequency estimation;Repetitive control;disturbance observer (DOB);reduced-order observer;torque ripple reduction;variable speed drives},
doi={10.1109/TIE.2019.2912798},
ISSN={1557-9948},
month={April},}

@INPROCEEDINGS{CTR_SW:2019,
author={M. {Sumega} and P. {Rafajdus} and G. {Scelba} and M. {Stulrajter}},
booktitle={2019 International Conference on Electrical Drives Power Electronics (EDPE)},
title={Control Strategies for the Identification and Reduction of Cogging Torque in PM Motors},
year={2019},
volume={},
number={},
pages={74-80},
keywords={friction;machine vector control;minimisation;observers;permanent magnet motors;position control;rotors;torque control;velocity control;field oriented control algorithm;position control loop;load torque observer;cogging torque reduction algorithm;three-phase permanent magnet motors;identification;PM Motors;FOC algorithm;speed ripple;rotor;LTO;friction;minimization;Torque;Forging;Rotors;Harmonic analysis;PI control;Observers;Bandwidth;Cogging torque reduction;speed ripple;torque ripple;BLDC drives;PMSM drives},
doi={10.1109/EDPE.2019.8883892},
ISSN={1339-3944},
month={Sep.},}

@INPROCEEDINGS{CTR_SW:2017,
author={T. {Pajchrowski}},
booktitle={2017 19th European Conference on Power Electronics and Applications (EPE'17 ECCE Europe)},
title={Application of neural networks for compensation of torque ripple in high performance PMSM motor},
year={2017},
volume={},
number={},
pages={P.1-P.8},
keywords={electric drives;learning (artificial intelligence);machine control;machine tools;neurocontrollers;permanent magnet motors;synchronous motor drives;torque;cogging torque;machine tool drives;robots;smooth electromagnetic torque;artificial neural networks;high performance PMSM motor;artificial neural controller;electrical drive;permanent magnet synchronous motor;electromagnetic torque ripple compensation;motor current measurement error;angular velocity;drive systems;learning method;Torque;Torque measurement;Electromagnetics;Rotors;Neural networks;Europe;Permanent magnet motors;cogging torque;torque ripple;artificial neural network;PMSM},
doi={10.23919/EPE17ECCEEurope.2017.8099282},
ISSN={null},
month={Sep.},}

@INPROCEEDINGS{CTR_SW_ff:2011,
author={K. C. {Yeo} and G. {Heins} and F. {De Boer} and B. {Saunders}},
booktitle={2011 IEEE International Electric Machines Drives Conference (IEMDC)},
title={Adaptive feedforward control to compensate cogging torque and current measurement errors for PMSMs},
year={2011},
volume={},
number={},
pages={942-947},
keywords={adaptive control;electric current measurement;machine control;measurement errors;permanent magnet motors;synchronous motors;torque;adaptive feedforward control;cogging torque;current measurement errors;permanent magnet synchronous motors;PMSM;torque ripple minimisation;Torque;Forging;Current measurement;Estimation;Harmonic analysis;Feedforward neural networks;Measurement uncertainty},
doi={10.1109/IEMDC.2011.5994942},
ISSN={null},
month={May},}

@INPROCEEDINGS{CTR:2010,
author={T. {Liu} and S. {Huang} and J. {Gao}},
booktitle={2010 International Conference on Electrical Machines and Systems},
title={A method for reducing cogging torque by magnet shifting in permanent magnet machines},
year={2010},
volume={},
number={},
pages={1073-1076},
keywords={finite element analysis;Fourier analysis;permanent magnet machines;torque;vibrations;cogging torque reduction;slotted armature lamination;slotted permanent magnet machines;vibration;Fourier analysis;permanent magnet shifting;PM shifting angles;finite element method;Torque;Forging;Harmonic analysis;Permanent magnets;Magnetoacoustic effects;Teeth;Stators;Permanent magnet machine;cogging torque;magnet shifting;harmonic},
doi={},
ISSN={null},
month={Oct},}

@ARTICLE{CT_Modeling:2013,
author={C. {Xia} and Z. {Chen} and T. {Shi} and H. {Wang}},
journal={IEEE Transactions on Magnetics},
title={Cogging Torque Modeling and Analyzing for Surface-Mounted Permanent Magnet Machines With Auxiliary Slots},
year={2013},
volume={49},
number={9},
pages={5112-5123},
keywords={finite element analysis;permanent magnet machines;rotors;tensors;torque;cogging torque modeling;surface mounted permanent magnet machines;auxiliary slots;exact subdomain model;Maxwell stress tensor;finite slot depth;internal-external rotor topology;segmented-Halbach magnetized machines;finite element method;flux density;Torque;Forging;Analytical models;Atmospheric modeling;Magnetization;Magnetomechanical effects;Rotors;Auxiliary slots;cogging torque;exact subdomain model;permanent magnet (PM) machines},
doi={10.1109/TMAG.2013.2256921},
ISSN={1941-0069},
month={Sep.},}

@ARTICLE{CTR_HW:2017,
author={J. {Gao} and G. {Wang} and X. {Liu} and W. {Zhang} and S. {Huang} and H. {Li}},
journal={IEEE Transactions on Magnetics},
title={Cogging Torque Reduction by Elementary-Cogging-Unit Shift for Permanent Magnet Machines},
year={2017},
volume={53},
number={11},
pages={1-5},
keywords={finite element analysis;permanent magnet machines;torque;cogging torque reduction;shift angles;PM machines;ECU shifting techniques;harmonic torque;order harmonic cogging torque;integral slot number;fractional slot number;ECU division principle;permanent magnet machines;elementary-cogging-unit shift;Torque;Forging;Harmonic analysis;Magnetic separation;Finite element analysis;Indexes;Stators;Cogging torque;elementary-cogging-unit (ECU);permanent magnet (PM) machines;reduction;shift},
doi={10.1109/TMAG.2017.2712799},
ISSN={1941-0069},
month={Nov},}

@ARTICLE{CTR_HW:2015,
author={L. {Dosiek} and P. {Pillay}},
journal={IEEE Transactions on Industry Applications},
title={Cogging Torque Reduction in Permanent Magnet Machines},
year={2007},
volume={43},
number={6},
pages={1565-1571},
keywords={brushless machines;finite element analysis;machine theory;permanent magnet machines;torque;cogging torque reduction;permanent magnet machines;magnet shifting;magnet pole arc optimization;finite-element analysis;residual cogging;back electromotive force;harmonic reduction;brushless machines;torque ripple;Forging;Torque;Permanent magnet machines;Air gaps;Magnetic flux;Stators;Finite element methods;Prototypes;Teeth;Industry Applications Society;Brushless machines;cogging torque;finite element;permanent magnet (PM);torque ripple},
doi={10.1109/TIA.2007.908160},
ISSN={1939-9367},
month={Nov},}

@ARTICLE{CTR_HW:2002,
author={N. {Bianchi} and S. {Bolognani}},
journal={IEEE Transactions on Industry Applications},
title={Design techniques for reducing the cogging torque in surface-mounted PM motors},
year={2002},
volume={38},
number={5},
pages={1259-1265},
keywords={permanent magnet motors;AC motors;torque;finite element analysis;machine theory;surface-mounted PM motors;cogging torque reduction;Fourier analysis;back electromotive force;AC motors;acoustic noise;detent torque;ripple torque;servomotors;synchronous motors;Forging;Torque;Synchronous motors;Servomotors;Scanning probe microscopy;Iron;Acoustic noise;Industry Applications Society;Rotors;Stators},
doi={10.1109/TIA.2002.802989},
ISSN={1939-9367},
month={Sep.},}

@ARTICLE{CTR_HW:2013,
author={W. {Fei} and Z. Q. {Zhu}},
journal={IEEE Transactions on Energy Conversion},
title={Comparison of Cogging Torque Reduction in Permanent Magnet Brushless Machines by Conventional and Herringbone Skewing Techniques},
year={2013},
volume={28},
number={3},
pages={664-674},
keywords={brushless machines;finite element analysis;permanent magnet machines;rotors;torque;cogging torque reduction;permanent magnet brushless machines;herringbone skewing techniques;particular importance;machine design;rotor;finite-element analysis;Torque;Rotors;Forging;Brushless machines;Stators;Magnetic forces;Prototypes;Axial electromagnetic force;back electromotive force;cogging torque;conventional step skewing;finite-element analysis (FEA);herringbone step skewing;permanent magnet brushless machine;three-dimensional},
doi={10.1109/TEC.2013.2270871},
ISSN={1558-0059},
month={Sep.},}

@ARTICLE{cogging:2006,
author={Z. Q. {Zhu} and S. {Ruangsinchaiwanich} and D. {Howe}},
journal={IEEE Transactions on Industry Applications}, 
title={Synthesis of cogging-torque waveform from analysis of a single stator slot}, 
year={2006},
volume={42},
number={3},
pages={650-657},
abstract={A simple analytical technique is proposed to synthesize the cogging-torque waveform of a permanent-magnet brushless machine from the cogging torque, which is associated with a single stator slot. An analytical expression is derived, which reveals the relationship between the two. It is then applied to two motors, which have a fractional number of slots per pole. It is shown that the resultant cogging-torque waveform can be synthesized to a high accuracy, as confirmed by both finite-element analysis and measurements. It is also shown that not all the cogging-torque harmonics that exist in the cogging-torque waveform due to a single slot will be present in the resultant cogging torque, and that the most significant components can be identified analytically.},
keywords={torque;permanent magnet machines;brushless machines;stators;finite element analysis;cogging torque waveform;single stator slot;permanent magnet brushless machine;finite element analysis;cogging torque harmonics;Stators;Magnets;Torque;Forging;Brushless machines;Finite element methods;Teeth;Optimization methods;Electric machines;Harmonic analysis;Analytical modeling;brushless machines;cogging torque;finite element;permanent magnet},
doi={10.1109/TIA.2006.872930},
ISSN={1939-9367},
month={May},}


@article{CTR_HW_skew:2013,
author = {Gašparin, Lovrenc and Fišer, Rastko},
year = {2013},
month = {09},
pages = {},
title = {Cogging torque sensitivity to permanent magnet tolerance combinations},
volume = {62},
journal = {Archives of Electrical Engineering},
doi = {10.2478/aee-2013-0036}
}

@ARTICLE{CTR_Analytical:2009,
author={L. {Zhu} and S. Z. {Jiang} and Z. Q. {Zhu} and C. C. {Chan}},
journal={IEEE Transactions on Magnetics},
title={Analytical Methods for Minimizing Cogging Torque in Permanent-Magnet Machines},
year={2009},
volume={45},
number={4},
pages={2023-2031},
keywords={acoustic noise;finite element analysis;Fourier analysis;Fourier series;permanent magnet machines;torque;vibrations;cogging torque;permanent-magnet machines;speed ripples;acoustic noise;vibration;low speed applications;direct drive applications;energy method;Fourier series analysis;air gap permeance;flux density distribution;equivalent slotless machine;slot number;pole number combination;skewing;pole-arc to pole-pitch ratio;slot opening;finite element analysis;Forging;Torque;Magnetic flux;Magnetic analysis;Saturation magnetization;Teeth;Fourier series;Brushless machines;Analytical models;Finite element methods;Cogging torque;energy method;Fourier series;permanent-magnet machines;torque ripple},
doi={10.1109/TMAG.2008.2011363},
ISSN={1941-0069},
month={April},}

% optimal pole–arc to pole-pitch ratio
% Cogging-torque graphs
pole–pitch ratio
@ARTICLE{CTR_HW:2003,
author={Z. Q. {Zhu} and S. {Ruangsinchaiwanich} and N. {Schofield} and D. {Howe}},
journal={IEEE Transactions on Magnetics},
title={Reduction of cogging torque in interior-magnet brushless machines},
year={2003},
volume={39},
number={5},
pages={3238-3240},
keywords={brushless machines;permanent magnet machines;finite element analysis;torque;cogging torque reduction;interior-magnet brushless machines;six-slot stator;short-pitched nonoverlapping winding;12-slot stator;full-pitched overlapping winding;finite-element analyses;pole-are to pole-pitch ratio;optimal pole-are to pole-pitch ratio;surface-mounted magnet machines;interior-magnet machines;Forging;Torque;Brushless machines;Magnetic flux leakage;Machine windings;Finite element methods;Magnetic analysis;Stator windings;Permanent magnets;Magnetic materials},
doi={10.1109/TMAG.2003.816733},
ISSN={1941-0069},
month={Sep.},}

@ARTICLE{CTR_HW:2001,
author={ {Sang-Moon Hwang} and {Jae-Boo Eom} and {Yoong-Ho Jung} and {Deug-Woo Lee} and {Beom-Soo Kang}},
journal={IEEE Transactions on Magnetics},
title={Various design techniques to reduce cogging torque by controlling energy variation in permanent magnet motors},
year={2001},
volume={37},
number={4},
pages={2806-2809},
keywords={permanent magnet motors;machine theory;finite element analysis;torque;magnetic flux;design technique;cogging torque;permanent magnet motor;energy method;analytical model;airgap permeance function;magnetic flux density function;finite element method;Forging;Torque control;Density functional theory;Teeth;Rotors;Magnetic analysis;Magnets;Iron;Stators;Fourier series},
doi={10.1109/20.951313},
ISSN={1941-0069},
month={July},}

@ARTICLE{TRR:1999,
author={C. A. {Borghi} and D. {Casadei} and A. {Cristofolini} and M. {Fabbri} and G. {Serra}},
journal={IEEE Transactions on Magnetics},
title={Application of a multiobjective minimization technique for reducing the torque ripple in permanent-magnet motors},
year={1999},
volume={35},
number={5},
pages={4238-4246},
keywords={synchronous motors;torque;permanent magnet motors;harmonics;finite element analysis;brushless machines;multiobjective minimization technique;torque ripple;permanent-magnet motors;two-step design procedure;one-dimensional field analysis;electromotive force harmonic components;air-gap magnet permeance;finite element method;cogging torque;magnet arc width;synchronous motor;three-phase six-pole motor;Torque;Magnetic analysis;Permanent magnet motors;Geometry;Rotors;Couplings;Stators;Air gaps;Numerical models;Finite element methods},
doi={10.1109/20.799073},
ISSN={1941-0069},
month={Sep.},}

@ARTICLE{CTR_SW:1998,
author={G. {Ferretti} and G. {Magnani} and P. {Rocco}},
journal={IEEE Transactions on Industrial Electronics},
title={Modeling, identification, and compensation of pulsating torque in permanent magnet AC motors},
year={1998},
volume={45},
number={6},
pages={912-920},
keywords={industrial robots;brushless machines;permanent magnet motors;AC motors;identification;compensation;machine theory;motion control;position control;closed loop systems;control system analysis;permanent magnet AC motors;parasitic torque pulsations;modelling;identification;compensation;power inverter;motor imperfections;mechanical resonances;closed-loop motion experiments;position controller;industrial robot;Torque;AC motors;Permanent magnet motors;AC generators;Power generation;Inverters;Resonance;Magnetic analysis;Motion control;Industrial control},
doi={10.1109/41.735335},
ISSN={1557-9948},
month={Dec},}

% Analytical model for determining cogging
@ARTICLE{Cogging_analytical:1989,
author={J. {De La Ree} and N. {Boules}},
journal={IEEE Transactions on Industry Applications},
title={Torque production in permanent-magnet synchronous motors},
year={1989},
volume={25},
number={1},
pages={107-112},
keywords={electric drives;machine theory;permanent magnet motors;synchronous motors;torque;machine theory;cogging;commutating torque;permanent magnet synchronous motor drive;current excitation;flux density distribution;air gap;Torque;Production;Synchronous motors;Magnetic analysis;Forging;Commutation;Magnetic flux;Permanent magnet motors;Equations;Parametric study},
doi={10.1109/28.18879},
ISSN={1939-9367},
month={Jan},}

@article{simulation:2011,
author = {Hsiao, Chun-Yu and Yeh, Sheng-Nian and Hwang, Jonq-Chin},
year = {2011},
month = {12},
pages = {},
title = {A Novel Cogging Torque Simulation Method for Permanent-Magnet Synchronous Machines},
volume = {4},
journal = {Energies},
doi = {10.3390/en4122166}
}

@ARTICLE{current_scaling:1998,
author={ {Dae-Woong Chung} and  {Seung-Ki Sul}},
journal={IEEE Transactions on Industry Applications}, 
title={Analysis and compensation of current measurement error in vector-controlled AC motor drives}, 
year={1998},
volume={34},
number={2},
pages={340-345},
abstract={Recently, as the higher performance of torque control is required, current measurement error inherent in all kinds of AC drives becomes significant. In this paper, the effects of current measurement error, classified as offset error and scaling error, are analyzed. It is demonstrated that the offset error causes the torque of a motor to oscillate at the stator electrical frequency and that the scaling error causes the torque of a motor to oscillate at twice the stator electrical frequency. These torque ripples deteriorate the performance of speed control, because they act as disturbance loads. In order to obtain precise torque control and eliminate speed ripples, a compensation method is proposed. The simulation and experimental results show that the analysis is correct and the compensation method improves the performance of torque control by eliminating torque ripples effectively.},
keywords={AC motor drives;machine theory;torque control;velocity control;control system analysis;electric current measurement;measurement errors;error analysis;error compensation;machine control;AC motor drives;current measurement error;error analysis;error compensation;vector torque control;offset error;scaling error;stator electrical frequency;torque ripple elimination;speed control performance;oscillations;disturbance loads;Current measurement;AC motors;Synchronous motors;Stators;Hysteresis motors;Error correction;Frequency;Regulators;Torque control;Inductance},
doi={10.1109/28.663477},
ISSN={1939-9367},
month={March},}


@INPROCEEDINGS{waveform:1994,
author={T. {Sebastian} and V. {Gangla}},
booktitle={Proceedings of 1994 IEEE Industry Applications Society Annual Meeting},
title={Analysis of induced EMF and torque waveforms in a brushless permanent magnet machine},
year={1994},
volume={2},
number={},
pages={240-246 vol.1},
keywords={permanent magnet machines;brushless machines;machine theory;torque;electric potential;stators;rotors;magnetic flux;magnetisation;magnetic fields;finite element analysis;induced EMF;torque waveforms;brushless permanent magnet machine;trapezoidal back EMF waveform;idealized quasi-square wave current excitation;ripple-free torque;flux density;conductor distributions;magnetization;stator tooth;stator slot;rotor magnets;stator conductor distribution;magnet flux density distribution;finite element method;Torque;Magnetic flux;Magnetic analysis;Stators;Magnetization;Conductors;Permanent magnet machines;Magnetic sensors;Permanent magnet motors;Teeth},
doi={10.1109/IAS.1994.377475},
ISSN={null},
month={Oct},}

@ARTICLE{CTR_SW:1994,
author={D. C. {Hanselman}},
journal={IEEE Transactions on Industrial Electronics},
title={Minimum torque ripple, maximum efficiency excitation of brushless permanent magnet motors},
year={1994},
volume={41},
number={3},
pages={292-300},
keywords={permanent magnet motors;torque;electric drives;power electronics;invertors;power convertors;AC motors;maximum efficiency excitation;brushless permanent magnet motors;minimum torque ripple;sinusoidal currents;sinusoidal back EMF;rectangular currents;trapezoidal shape;ripple-free torque;power electronics;load torque;speed;parasitic cogging torque;motor current;back EMF;finite bandwidth power electronics;current controlled VSI;Torque;Permanent magnet motors;Motor drives;Electron traps;Shape;Power electronics;Brushless motors;Forging;Production;Circuits},
doi={10.1109/41.293899},
ISSN={1557-9948},
month={June},}

@ARTICLE{CTR_SW:1993,
author={J. Y. {Hung} and Z. {Ding}},
journal={IEE Proceedings B - Electric Power Applications},
title={Design of currents to reduce torque ripple in brushless permanent magnet motors},
year={1993},
volume={140},
number={4},
pages={260-266},
keywords={DC motors;design engineering;exciters;harmonics;machine control;machine theory;permanent magnet motors;position control;stators;velocity control;machine control;machine theory;torque ripple;brushless permanent magnet motors;design;excitation;three-phase;cogging;detent torque;vibration;acoustic noise;speed control;accuracy;position control;exponential Fourier series;torque model;stator current harmonics;constrained minimisation problem;current harmonic weights;back EMF;brushless DC motor;2 hp;DC motors;Design methodology;Harmonic analysis;Permanent magnet motors;Position control;Machine windings;Velocity control},
doi={10.1049/ip-b.1993.0032},
ISSN={0143-7038},
month={July},}

% Hasn't been used yet. Seems good!
% trapedzodal & sinusoidal back-emf types for PM
@article{identification:1996,
  title={Identification and compensation of torque ripple in high-precision permanent magnet motor drives},
  author={Joachim Holtz and Lothar Springob},
  journal={IEEE Trans. Industrial Electronics},
  year={1996},
  volume={43},
  pages={309-320}
}

@ARTICLE{CTR_HW_SLOTN:2011,
author={D. G. {Dorrell} and M. {Popescu}},
journal={IEEE Transactions on Magnetics},
title={Odd Stator Slot Numbers in Brushless DC Machines—An Aid to Cogging Torque Reduction},
year={2011},
volume={47},
number={10},
pages={3012-3015},
keywords={brushless DC motors;electric potential;finite element analysis;permanent magnet machines;stators;torque;brushless DC machines;odd stator slot numbers;cogging torque reduction;brushless permanent-magnet dc machines;trapezoidal back-electromotive-force waveform;load torque ripple;reluctance slotting;winding pattern;simple winding analysis;finite element analysis;stator windings;unbalanced magnetic pull;Torque;Windings;Stator windings;Rotors;Forging;Harmonic analysis;Brushless permanent magnet DC motor;cogging torque;unbalanced magnetic pull (UMP);windings},
doi={10.1109/TMAG.2011.2157093},
ISSN={1941-0069},
month={Oct},}

@ARTICLE{CTR_HW:1994,
author={ {Sangmoon Hwang} and D. K. {Lieu}},
journal={IEEE Transactions on Magnetics},
title={Design techniques for reduction of reluctance torque in brushless permanent magnet motors},
year={1994},
volume={30},
number={6},
pages={4287-4289},
keywords={brushless DC motors;permanent magnet motors;finite element analysis;stators;reluctance motors;Fourier series;reluctance torque reduction;brushless permanent magnet motors;control difficulty;vibration;stator tooth notching;rotor pole skewing;magnetic pole shaping;finite element analysis;airgap flux;Maxwell stress method;Fourier decomposition;periodic reluctance torque;stators;Reluctance motors;Magnetic analysis;Vibration control;Torque control;Stators;Teeth;Rotors;Magnetic flux;Finite element methods;Performance analysis},
doi={10.1109/20.334063},
ISSN={1941-0069},
month={Nov},}

@misc{noise_act:2015,
  author={{Ministry of the Environment, Finland}},
  title={Government Decree onguide values for the outdoor noise level of wind turbines (1107/2015)},
  year={2015},
  note={\newline\url{http://www.finlex.fi/en/laki/kaannokset/2015/en20151107}},
}

@ARTICLE{TRR_SW:1998,
author={ {Se-Kyo Chung} and {Hyun-Soo Kim} and {Chang-Gyun Kim} and {Myung-Joong Youn}},
journal={IEEE Transactions on Power Electronics},
title={A new instantaneous torque control of PM synchronous motor for high-performance direct-drive applications},
year={1998},
volume={13},
number={3},
pages={388-400},
keywords={permanent magnet motors;machine control;synchronous motor drives;torque control;control system synthesis;pulse width modulation;model reference adaptive control systems;variable structure systems;magnetic flux;digital signal processing chips;instantaneous torque control;PM synchronous motor;high-performance direct-drive applications;torque pulsating problem;linkage flux;model reference adaptive system technique;torque controller;variable structure control;space-vector pulse-width modulation;PWM;torque pulsation reduction;nonsinusoidal flux distribution;digital signal processor TMS320C30;Torque control;Synchronous motors;Space vector pulse width modulation;Magnetic variables control;Couplings;Adaptive systems;Programmable control;Adaptive control;Control systems;Application software},
doi={10.1109/63.668096},
ISSN={1941-0107},
month={May},}

@ARTICLE{Observer:2018,
  author={H. {Muramatsu} and S. {Katsura}},
  journal={IEEE Transactions on Industrial Informatics}, 
 title={An Adaptive Periodic-Disturbance Observer for Periodic-Disturbance Suppression}, 
  year={2018},
  volume={14},
  number={10},
  pages={4446-4456},
  abstract={Repetitive operations are widely conducted by automatic machines in industry. Periodic disturbances induced by the repetitive operations must be compensated to achieve precise functioning. In this paper, a periodic-disturbance observer (PDOB) based on the disturbance observer (DOB) structure is proposed. The PDOB compensates a periodic disturbance including the fundamental wave and harmonics by using a time-delay element. Furthermore, an adaptive PDOB is proposed for the compensation of frequency-varying periodic disturbances. An adaptive notch filter is used in the adaptive PDOB to estimate the fundamental frequency of the periodic disturbance. Simulations compare the proposed methods with a repetitive controller and the DOB. Practical performances are validated in experiments using a multiaxis manipulator. The proposal provides a new framework based on the DOB structure to design controllers using a time-delay element.},
  keywords={adaptive filters;closed loop systems;compensation;control system synthesis;delays;manipulators;notch filters;observers;adaptive periodic-disturbance observer;periodic-disturbance suppression;repetitive operations;time-delay element;adaptive PDOB;automatic machines;frequency-varying periodic disturbances compensation;adaptive notch filter;multiaxis manipulator;Sensitivity;Delay effects;Delays;Disturbance observers;Harmonic analysis;Informatics;Adaptive control;adaptive notch filter (ANF);disturbance observer (DOB);periodic disturbance;time-delay element},
  doi={10.1109/TII.2018.2804338},
  ISSN={1941-0050},
  month={Oct},
}

@ARTICLE{Observer:2013,
  author={M. {Ruderman} and A. {Ruderman} and T. {Bertram}},
  journal={IEEE Transactions on Industrial Informatics}, 
 title={Observer-Based Compensation of Additive Periodic Torque Disturbances in Permanent Magnet Motors}, 
  year={2013},
  volume={9},
  number={2},
  pages={1130-1138},
  abstract={The impact of additive periodic torque disturbances on the controlled motion of permanent magnet motors can be significant. The paper shows how an observer-based drive control can efficiently reject the harmonic torque disturbances providing smooth angular velocity. The proposed control design is based on the state-space torque harmonics representation and Luenberger observer that proved to be adequate. The designed control algorithms are verified using an experimental setup with a permanent magnet synchronous motor with well-detectable torque harmonics. The rejection of additive position periodic torque disturbances is experimentally demonstrated for two first harmonics and that for different angular velocities.},
  keywords={compensation;control system synthesis;machine control;motion control;observers;permanent magnet motors;synchronous motor drives;torque control;observer-based compensation;additive periodic torque disturbance rejection;motion control;observer-based drive control;harmonic torque disturbances;smooth angular velocity;control design algorithm;state-space torque harmonics representation;Luenberger observer;permanent magnet synchronous motor;Torque;Harmonic analysis;Permanent magnet motors;Observers;Brushless motors;Forging;Synchronous motors;Cogging torque;harmonics;motion control;observer design;periodic disturbances;permanent magnet motor},
  doi={10.1109/TII.2012.2222040},
  ISSN={1941-0050},
  month={May},
}

@book{Vector-control,
author = {Quang, Nguyen Phung and Dittrich, Jrg-Andreas},
title = {Vector Control of Three-Phase AC Machines: System Development in the Practice},
year = {2016},
isbn = {3662518031},
publisher = {Springer Publishing Company, Incorporated},
edition = {2nd}
}

@misc{ILC:patent,
 title={Method for suppressing torque ripple of permanent magnet synchronous motor based on robust iterative learning control},
 author={Y. {Deng} and H. {Li} and J. {Liu}},
 year={CN Patent CN107070341B, May 10, 2019}
 }

@misc{ILC:patent2,
 title={Apparatus for controlling speed of a rotary motor},
 author={H. {Injung} and K. {Younghun} and S. {Goansoo}},
 year={EP Patent EP0805383B1, May 19, 1999}
 }
 
 % Reinforcement learning
 
@book{RL:Sutton-Barto,
    author = {Sutton, Richard S. and Barto, Andrew G.},
    title = {Reinforcement Learning: An Introduction},
    year = {2018},
    isbn = {0262039249},
    publisher = {A Bradford Book},
    address = {Cambridge, MA, USA}
}

@article{RL:Single-step,
    author = {Singh, Satinder and Jaakkola, Tommi and Littman, Michael and Szepesvári, Csaba},
    year = {2000},
    month = {03},
    pages = {287-308},
    title = {Convergence Results for Single-Step On-Policy Reinforcement-Learning Algorithms},
    volume = {38},
    journal = {Machine Learning},
    doi = {10.1023/A:1007678930559}
}

@article{RL:Watkins-Q,
  title={Q-learning},
  author={Watkins, Christopher JCH and Dayan, Peter},
  journal={Machine learning},
  volume={8},
  number={3-4},
  pages={279--292},
  year={1992},
  publisher={Springer}
}

@misc{RL:memory,
    title={Memory-based control with recurrent neural networks},
    author={Nicolas Heess and Jonathan J Hunt and Timothy P Lillicrap and David Silver},
    year={2015},
    eprint={1512.04455},
    archivePrefix={arXiv},
    primaryClass={cs.LG}
}

@article{RL:atari,
  title={Human-level control through deep reinforcement learning},
  author={Mnih, Volodymyr and Kavukcuoglu, Koray and Silver, David and Rusu, Andrei A and Veness, Joel and Bellemare, Marc G and Graves, Alex and Riedmiller, Martin and Fidjeland, Andreas K and Ostrovski, Georg and others},
  journal={Nature},
  volume={518},
  number={7540},
  pages={529--533},
  year={2015},
  publisher={Nature Publishing Group}
}

@article{RL:alphago,
  title={Mastering the game of Go with deep neural networks and tree search},
  author={Silver, David and Huang, Aja and Maddison, Chris J and Guez, Arthur and Sifre, Laurent and Van Den Driessche, George and Schrittwieser, Julian and Antonoglou, Ioannis and Panneershelvam, Veda and Lanctot, Marc and others},
  journal={nature},
  volume={529},
  number={7587},
  pages={484},
  year={2016},
  publisher={Nature Publishing Group}
}

@misc{RL:control,
    title={High-Dimensional Continuous Control Using Generalized Advantage Estimation},
    author={John Schulman and Philipp Moritz and Sergey Levine and Michael Jordan and Pieter Abbeel},
    year={2015},
    eprint={1506.02438},
    archivePrefix={arXiv},
    primaryClass={cs.LG}
}

@misc{RL:control2,
    title={Continuous control with deep reinforcement learning},
    author={Timothy P. Lillicrap and Jonathan J. Hunt and Alexander Pritzel and Nicolas Heess and Tom Erez and Yuval Tassa and David Silver and Daan Wierstra},
    year={2015},
    eprint={1509.02971},
    archivePrefix={arXiv},
    primaryClass={cs.LG}
}

@article{RL:GLIE,
  title={Hierarchical reinforcement learning with the MAXQ value function decomposition},
  author={Dietterich, Thomas G},
  journal={Journal of artificial intelligence research},
  volume={13},
  pages={227--303},
  year={2000}
}
